@article{1975Cf252,
  title = {Angular Correlation of Neutrons from Spontaneous Fission of {$^{252}$Cf}},
  author = {Pringle, J. S. and Brooks, F. D.},
  journal = {Phys. Rev. Lett.},
  volume = {35},
  issue = {23},
  pages = {1563--1566},
  numpages = {0},
  year = {1975},
  month = {Dec},
  publisher = {American Physical Society},
  doi = {10.1103/PhysRevLett.35.1563},
  url = {https://link.aps.org/doi/10.1103/PhysRevLett.35.1563}
}

@INPROCEEDINGS{test,
   author = {{Dale}, D.~S. and {Kosinov}, O. and {Forest}, T. and {Burggraf}, J. and 
	{Stave}, S. and {Warren}, G. and {Starovoitova}, V.},
    title = "{Two neutron correlations in photo-fission}",
 keywords = {Photo-fission, bremsstrahlung, actinides},
booktitle = {International Journal of Modern Physics Conference Series},
     year = 2016,
   series = {International Journal of Modern Physics Conference Series},
   volume = 44,
    month = sep,
      eid = {1660240},
    pages = {1660240},
      doi = {10.1142/S2010194516602404},
   adsurl = {http://adsabs.harvard.edu/abs/2016IJMPS..4460240D},
  adsnote = {Provided by the SAO/NASA Astrophysics Data System}
}


@article{fragmentRestFrame,
  title = {Prompt Neutrons from Thorium Photofission},
  author = {Sargent, C. P. and Bertozzi, W. and Demos, P. T. and Matthews, J. L. and Turchinetz, W.},
  journal = {Phys. Rev.},
  volume = {137},
  issue = {1B},
  pages = {B89--B101},
  numpages = {0},
  year = {1965},
  month = {Jan},
  publisher = {American Physical Society},
  doi = {10.1103/PhysRev.137.B89},
  url = {https://link.aps.org/doi/10.1103/PhysRev.137.B89}
}

@article{Bowman,
  title = {Velocity and Angular Distributions of Prompt Neutrons from Spontaneous Fission of {Cf$^{252}$}},
  author = {Bowman, Harry R. and Thompson, Stanley G. and Milton, J. C. D. and Swiatecki, Wladyslaw J.},
  journal = {Phys. Rev.},
  volume = {126},
  issue = {6},
  pages = {2120--2136},
  numpages = {0},
  year = {1962},
  month = {Jun},
  publisher = {American Physical Society},
  doi = {10.1103/PhysRev.126.2120},
  url = {https://link.aps.org/doi/10.1103/PhysRev.126.2120}
}

@article{JORGENSEN,
title = "Simultaneous investigation of fission fragments and neutrons in {252Cf (SF)}",
journal = "Nuclear Physics A",
volume = "490",
number = "2",
pages = "307 - 328",
year = "1988",
issn = "0375-9474",
doi = "https://doi.org/10.1016/0375-9474(88)90508-8",
url = "http://www.sciencedirect.com/science/article/pii/0375947488905088",
author = "C. Budtz-JÃ¸rgensen and H.-H. Knitter"
}

@article{KORNILOV2001,
title = "New evidence of an intense scission neutron source in the {252Cf} spontaneous fission",
journal = "Nuclear Physics A",
volume = "686",
number = "1",
pages = "187 - 203",
year = "2001",
issn = "0375-9474",
doi = "https://doi.org/10.1016/S0375-9474(00)00561-3",
url = "http://www.sciencedirect.com/science/article/pii/S0375947400005613",
author = "N.V Kornilov and A.B Kagalenko and S.V Poupko and P.A Androsenko and F.-J Hambsch",
keywords = "{Cf(SF)}, Neutron energy-angular distributions, Deduced scission neutron yield, Scission neutron spectra"
}

@phdthesis{seregina1985,
  title={Measurements and Analysis of Angular-Energy Distribution for {252Cf (SF)} neutrons},
  author={Seregina},
  year={1985},
  school={IPPE, Obninsk, Russia}
}

@inproceedings{serot2017influence,
  title={Influence of scission neutrons on the prompt fission neutron spectrum calculations},
  author={Serot, Olivier and Litaize, Olivier and Chebboubi, Abdelaziz},
  booktitle={EPJ Web of Conferences},
  volume={146},
  pages={04027},
  year={2017},
  organization={EDP Sciences}
}

@article{1948twoNCorr,
  title = {Angular Dependence of Coincidences between Fission Neutrons},
  author = {Debenedetti, S. and Francis, J. E. and Preston, W. M. and Bonner, T. W.},
  journal = {Phys. Rev.},
  volume = {74},
  issue = {11},
  pages = {1645--1650},
  numpages = {0},
  year = {1948},
  month = {Dec},
  publisher = {American Physical Society},
  doi = {10.1103/PhysRev.74.1645},
  url = {https://link.aps.org/doi/10.1103/PhysRev.74.1645}
}

@article{Caldwell2017DelayedNs,
author = {J. T. Caldwell and E. J. Dowdy and R. A. Alvarez and B. L. Berman and P. Meyer},
title = {Experimental Determination of Photofission Neutron Multiplicities for {235U}, {236U}, {238U}, and {232Th} Using Monoenergetic Photons},
journal = {Nuclear Science and Engineering},
volume = {73},
number = {2},
pages = {153-163},
year  = {1980},
publisher = {Taylor & Francis},
doi = {10.13182/NSE80-A18695},
URL = { https://doi.org/10.13182/NSE80-A18695}
}


@ARTICLE{2008CF252,
   author = {{Gagarski}, A.~M. and {Guseva}, I.~S. and {Sokolov}, V.~E. and 
	{Val'Ski}, G.~V. and {Petrov}, G.~A. and {Krinitsin}, D.~O. and 
	{Nikolaev}, D.~V. and {Zavarukhina}, T.~A. and {Petrova}, V.~I.
	},
    title = "{Neutron-neutron angular correlations in spontaneous fission of {252Cf}}",
  journal = {Bulletin of the Russian Academy of Sciences, Physics},
     year = 2008,
    month = jul,
   volume = 72,
    pages = {773-777},
      doi = {10.3103/S1062873808060130},
   adsurl = {http://adsabs.harvard.edu/abs/2008BRASP..72..773G},
  adsnote = {Provided by the SAO/NASA Astrophysics Data System}
}

@article{Pozzi2014,
author = {Sara A. Pozzi and Brian Wieger and Andreas Enqvist and Shaun D. Clarke and Marek Flaska and Matthew Marcath and Edward Larsen and Robert C. Haight and Enrico Padovani},
title = {Correlated Neutron Emissions from {252Cf}},
journal = {Nuclear Science and Engineering},
volume = {178},
number = {2},
pages = {250-260},
year  = {2014},
publisher = {Taylor & Francis},
doi = {10.13182/NSE13-96},
URL = {https://doi.org/10.13182/NSE13-96},
eprint = {https://doi.org/10.13182/NSE13-96}
}

@article{Scission2005,
author = {G. A. Petrov},
title = {Current Status of the Search for Scission Neutrons in Fission and Estimation of their Main Characteristics},
journal = {AIP Conference Proceedings},
volume = {798},
number = {1},
pages = {205-212},
year = {2005}
}

@article{Sokolov2010,
author = { V. E. Sokolov and G. A. Petrov },
title = { Investigation of
the angular dependences of neutron-neutron coincidences
from {252Cf, 235U, 233U and 239Pu} fission in search
of scission neutrons},
pages = {108-118},
year = {2010},
journal = { Proc. XVIII Internat.
Seminar on Interaction of Neutrons with Nuclei (ISSIN-18)},
}

@article{MPPost,
title = "{MCNPX-PoliMi} post-processing algorithm for detector response simulations",
author = "Miller, {Eric C.} and Clarke, {Shaun D.} and Marek Flaska and Pozzi, {Sara A.} and Enrico Padovani",
key = content,
year = "2012",
month = "12",
language = "English (US)",
volume = "40",
pages = "34--41",
journal = "JNMM, Journal of the Institute of Nuclear Materials Management",
issn = "0893-6188",
publisher = "Institute of Nuclear Materials Management",
number = "2",
}

@article{1977FragAss,
  author={S Nair and D B Gayther and B H Patrick and E M Bowey},
  title={Fission-neutron and fragment angular distributions from threshold photofission of {232 Th and 238 U}},
  journal={Journal of Physics G: Nuclear Physics},
  volume={3},
  number={7},
  pages={965},
  url={http://stacks.iop.org/0305-4616/3/i=7/a=010},
  year={1977}
}

@article{MCNP_POLIMI,
title = "{MCNP-PoliMi: a Monte-Carlo code for correlation measurements}",
journal = "Nuclear Instruments and Methods in Physics Research Section A: Accelerators, Spectrometers, Detectors and Associated Equipment",
volume = "513",
number = "3",
pages = "550 - 558",
year = "2003",
issn = "0168-9002",
doi = "https://doi.org/10.1016/j.nima.2003.06.012",
url = "http://www.sciencedirect.com/science/article/pii/S0168900203023027",
author = "Sara A Pozzi and Enrico Padovani and Marzio Marseguerra",
keywords = "{MCNP}, {MCNP-PoliMi}, Plastic scintillation detector, Correlation measurement, Nuclear safeguards"
}

@manual{PMT,
    organization  = "HAMAMATSU PHOTONICS",
    title         = "PHOTOMULTlPLlER TUBE R580",
    number        = "TPMH1100E02",
    year          =  1999,
    month         =  1,
}

@article{Pozzi2016,
title = "Neutron angular distribution in plutonium-240 spontaneous fission",
keywords = "Fission neutron anisotropy, {MCNPX-PoliMi}, Nuclear safeguards, Plutonium",
author = "Marcath, {Matthew J.} and Shin, {Tony H.} and Clarke, {Shaun D.} and Paolo Peerani and Pozzi, {Sara A.}",
year = "2016",
month = "9",
day = "11",
doi = "10.1016/j.nima.2016.05.064",
language = "English (US)",
volume = "830",
pages = "163--169",
journal = "Nuclear Instruments and Methods in Physics Research, Section A: Accelerators, Spectrometers, Detectors and Associated Equipment",
issn = "0168-9002",
publisher = "Elsevier",
}

@article{Verbeke2018,
  title = {Neutron-neutron angular correlations in spontaneous fission of {$^{252}$Cf and $^{240}$Pu}},
  author = {Verbeke, J. M. and Nakae, L. F. and Vogt, R.},
  journal = {Phys. Rev. C},
  volume = {97},
  issue = {4},
  pages = {044601},
  numpages = {19},
  year = {2018},
  month = {Apr},
  publisher = {American Physical Society},
  doi = {10.1103/PhysRevC.97.044601},
  url = {https://link.aps.org/doi/10.1103/PhysRevC.97.044601}
}
@Article{Talou2018,
author="Talou, P.
and Vogt, R.
and Randrup, J.
and Rising, M. E.
and Pozzi, S. A.
and Verbeke, J.
and Andrews, M. T.
and Clarke, S. D.
and Jaffke, P.
and Jandel, M.
and Kawano, T.
and Marcath, M. J.
and Meierbachtol, K.
and Nakae, L.
and Rusev, G.
and Sood, A.
and Stetcu, I.
and Walker, C.",
title="Correlated prompt fission data in transport simulations",
journal="The European Physical Journal A",
year="2018",
month="Jan",
day="24",
volume="54",
number="1",
pages="9",
doi="10.1140/epja/i2018-12455-0",
url="https://doi.org/10.1140/epja/i2018-12455-0"
}

@Manual{CODA,
  author = {{Jefferson Lab}},
  title = {CODA 2.6},
  url = {https://coda.jlab.org/drupal},
  year = {2015},
}

@inproceedings{2017Krishichayan,
   author = {{Krishichayan} and {Bhike}, M. and {Tonchev}, A.~P. and {Tornow}, W.
	},
    title = "{Fission product yield measurements using monoenergetic photon beams}",
booktitle = {European Physical Journal Web of Conferences},
     year = 2017,
   series = {European Physical Journal Web of Conferences},
   volume = 146,
    month = sep,
      eid = {04018},
    pages = {04018},
      doi = {10.1051/epjconf/201714604018},
   adsurl = {http://adsabs.harvard.edu/abs/2017EPJWC.14604018K},
  adsnote = {Provided by the SAO/NASA Astrophysics Data System}
}

@inproceedings{FREYAUserManual,
  title={Fission Reaction Event Yield Algorithm FREYA 2.0.2 User Manual},
  author={Jerome M. Verbeke and J. Randrup and R. Vogt},
  year={2017}
}

@article{FREYA_photofission,
  title = {Measurement of the energy and multiplicity distributions of neutrons from the photofission of $^{235}\mathrm{U}$},
  author = {Clarke, S. D. and Wieger, B. M. and Enqvist, A. and Vogt, R. and Randrup, J. and Haight, R. C. and Lee, H. Y. and Perdue, B. A. and Kwan, E. and Wu, C. Y. and Henderson, R. A. and Pozzi, S. A.},
  journal = {Phys. Rev. C},
  volume = {95},
  issue = {6},
  pages = {064612},
  numpages = {6},
  year = {2017},
  month = {Jun},
  publisher = {American Physical Society},
  doi = {10.1103/PhysRevC.95.064612},
  url = {https://link.aps.org/doi/10.1103/PhysRevC.95.064612}
}

@article{KDE,
  title={Kernel estimation in high-energy physics},
  author={Cranmer, Kyle},
  journal={Computer Physics Communications},
  volume={136},
  number={3},
  pages={198--207},
  year={2001},
  publisher={Elsevier}
}

@Manual{FREYA,
  author = {{Lawrence Berkeley National Laboratory}{Lawrence Livermore National Laboratory}{Los Almost National Laboratory}{University of Michigan Nuclear Engineering}},
  title = {FREYA 2.0.3},
  url = {https://nuclear.llnl.gov/simulation/main.html},
  year = {2016},
}